@article{Alexander:1974ba,
author = {Alexander, RMN},
title = {{The mechanics of jumping by a dog (\textit{Canis familiaris})}},
journal = {J Zool},
volume = {173},
pages = {549--573},
year = {1974}
}

@article{Koumoutsakos:1995bf,
author = {Koumoutsakos, P and Leonard, A},
title = {{High-resolution simulations of the flow around an impulsively started cylinder using vortex methods}},
journal = {J. Fluid Mech.},
year = {1995},
volume = {296},
pages = {1--38},
month = aug
}

